<?xml version="1.0" encoding="UTF-8"?><record xmlns="http://www.loc.gov/MARC21/slim" xmlns:cinclude="http://apache.org/cocoon/include/1.0" xmlns:zs="http://www.loc.gov/zing/srw/">
  <leader>00713cz  a2200157n  4500</leader>
  <controlfield tag="001">no2011193903</controlfield>
  <controlfield tag="003">DLC</controlfield>
  <controlfield tag="005">20150105101006.0</controlfield>
  <controlfield tag="008">111216n| azannaabn          |a aaa     c</controlfield>
  <datafield tag="010" ind1=" " ind2=" ">
    <subfield code="a">no2011193903</subfield>
  </datafield>
  <datafield tag="035" ind1=" " ind2=" ">
    <subfield code="a">(OCoLC)oca09065486</subfield>
  </datafield>
  <datafield tag="040" ind1=" " ind2=" ">
    <subfield code="a">PPi-MA</subfield>
    <subfield code="b">eng</subfield>
    <subfield code="e">rda</subfield>
    <subfield code="c">PPi-MA</subfield>
    <subfield code="d">DLC</subfield>
  </datafield>
  <datafield tag="100" ind1="1" ind2=" ">
    <subfield code="a">Hovhaness, Alan,</subfield>
    <subfield code="d">1911-2000.</subfield>
    <subfield code="t">Quartets,</subfield>
    <subfield code="m">violins (2), viola, cello,</subfield>
    <subfield code="n">no. 2, op. 147.</subfield>
    <subfield code="p">Gamelan in Sosi style</subfield>
  </datafield>
  <datafield tag="400" ind1="1" ind2=" ">
    <subfield code="a">Hovhaness, Alan,</subfield>
    <subfield code="d">1911-2000.</subfield>
    <subfield code="t">Gamelan in Sosi style</subfield>
  </datafield>
  <datafield tag="400" ind1="1" ind2=" ">
    <subfield code="w">nnea</subfield>
    <subfield code="a">Hovhaness, Alan,</subfield>
    <subfield code="d">1911-2000.</subfield>
    <subfield code="t">Quartets,</subfield>
    <subfield code="m">strings,</subfield>
    <subfield code="n">no. 2, op. 147.</subfield>
    <subfield code="p">Gamelan in Sosi style</subfield>
  </datafield>
  <datafield tag="670" ind1=" " ind2=" ">
    <subfield code="a">Hovhaness, A. American mystic [SR] p2001:</subfield>
    <subfield code="b">insert (String quartet no. 2, op. 147. Gamelan in Sosi style; 5th movement of the quartet)</subfield>
  </datafield>
</record>